2159 3350
583 822 1510 872 CARDINALI.

373 956 862 1017 IOSEPHVS
911 962 1381 1018 CASTALIO
1427 964 1483 1017 S.
1536 966 1604 1019 P.
1659 965 1737 1021 D.

666 1095 1001 1173 Vamquam
1022 1112 1137 1152 non
1170 1090 1380 1176 ignoro
1398 1089 1704 1152 Clemente
1727 1087 1907 1156 oetass

705 1203 835 1244 uum
856 1185 1022 1243 Pont-
1046 1184 1194 1242 Max.
1214 1204 1286 1242 eo
1308 1179 1414 1244 effe
1434 1183 1691 1267 ingenio,
1716 1182 1907 1246 vtlau-

703 1271 893 1335 danda
921 1272 1145 1340 facere,
1167 1294 1340 1356 quam
1368 1271 1587 1335 laudari
1611 1272 1806 1341 malit5
1827 1296 1908 1338 ta-

636 1387 645 1405 ¹
703 1387 834 1426 men
873 1365 1172 1427 continere
1210 1385 1302 1425 me
1338 1385 1453 1426 non
1493 1366 1656 1452 potui
1702 1404 1721 1432 2
1762 1367 1900 1449 quin

250 1470 290 1521 ί
331 1498 441 1539 ‚Q
479 1527 483 1529 Α
510 1475 513 1477 ’
550 1512 553 1516 ,
588 1505 603 1513 ,
633 1528 641 1534 f
699 1455 963 1521 oblatam
983 1452 1349 1518 occasionem
1381 1454 1534 1519 vltro
1572 1458 1905 1541 arriperem,

201 1555 282 1625 δι,
306 1572 457 1632 quae
476 1573 507 1613 a
529 1555 655 1612 viris
673 1546 982 1612 clarissimis
995 1546 1358 1633 summopere
1393 1545 1753 1611 commedari
1775 1548 1901 1611 sen..

200 1642 368 1704 tirem
392 1683 409 1711 ,
435 1661 498 1702 ea
532 1638 846 1701 litterarum
867 1640 1254 1702 monumentis
1277 1661 1383 1723 pro
1418 1641 1630 1722 ingenij
1666 1640 1780 1702 mei
1818 1660 1901 1702 te-

201 1731 421 1794 nuitate
440 1727 778 1792 mandarem
799 1772 812 1787 .
867 1733 1036 1797 Esto,
1060 1726 1282 1813 pudore
1301 1728 1640 1815 impediatur
1672 1730 1898 1814 sapien-

197 1818 431 1884 tissimus
447 1822 751 1907 Princeps,
776 1843 897 1905 quo
916 1823 1098 1885 minus
1117 1817 1315 1882 laudes
1333 1819 1456 1884 suas
1492 1821 1803 1906 agnoscat,
1826 1824 1895 1905 ijs

196 1912 554 1980 succenseat,
583 1936 616 1976 a
638 1910 844 1997 quibus
863 1914 919 1975 in
938 1935 1004 1974 os
1023 1909 1326 1980 laudatur,
1362 1912 1608 1998 gloriam
1643 1911 1896 1998 denique

196 2024 550 2069 contemnat.
574 2001 715 2089 quid
736 2026 860 2067 rum
877 2014 898 2067 ?
917 2028 1032 2067 non
1049 2003 1198 2066 enim
1220 1999 1300 2065 ob
1317 2003 1373 2066 id
1396 2006 1672 2068 continuo
1710 2002 1894 2087 sequi-

196 2109 292 2160 tur
308 2141 328 2172 ,
355 2116 414 2160 vt
432 2100 463 2160 a
481 2095 647 2160 rebus
666 2093 735 2160 ab
753 2118 827 2158 eo
854 2095 1135 2184 praeclare
1154 2096 1323 2179 gestis
1339 2093 1766 2159 conscribendis
1808 2097 1892 2158 in-

194 2189 366 2274 genia
385 2188 613 2274 prorsus
631 2186 1027 2251 deterreantur
1044 2229 1059 2244 .
1119 2191 1303 2254 Nam,
1326 2185 1363 2249 fi
1384 2210 1555 2270 quem
1582 2187 1813 2249 summis
1831 2189 1887 2252 in

193 2279 420 2342 caelum
436 2276 702 2341 laudibus
719 2301 823 2365 per
839 2280 998 2342 vicos
1022 2327 1038 2353 ‚
1057 2283 1116 2340 &
1137 2276 1263 2341 fora
1298 2280 1353 2341 in
1374 2276 1734 2342 familiarium
1752 2300 1888 2341 con-

193 2368 460 2456 gressibus
479 2369 752 2434 extollere
771 2369 937 2435 nobis
963 2372 1095 2435 licet
1112 2381 1137 2442 5
1166 2372 1264 2454 qui
1307 2367 1430 2432 fieri
1451 2370 1638 2455 potest
1658 2414 1677 2444 ,
1702 2392 1761 2432 vt
1796 2392 1891 2432 ve·-

193 2482 281 2525 ras
296 2462 547 2526 eiusdem
565 2460 801 2532 laudes,
821 2484 918 2527 aut
936 2459 1183 2528 versibus
1207 2460 1512 2545 compleffi
1531 2500 1549 2532 ‚
1573 2481 1668 2523 aut
1707 2461 1889 2525 soluta

189 2554 458 2617 oratione
475 2553 732 2641 persequi
749 2563 1136 2639 nequeamus?
1184 2551 1367 2634 Quod
1386 2549 1425 2614 fi
1449 2553 1574 2637 quis
1609 2548 1890 2622 dicabim-

192 2643 532 2728 pudentem‚
555 2668 1074 2733 contumacemque
1114 2643 1223 2707 effe
1257 2666 1385 2705 eum
1407 2685 1428 2711 2
1464 2665 1533 2707 ac
1565 2643 1886 2729 periculose

192 2732 383 2802 facere
401 2782 422 2813 ,
450 2739 552 2823 qui
568 2738 843 2826 Principis
860 2737 938 2803 sui
954 2738 1169 2804 iudicio
1186 2730 1331 2800 nolit
1351 2735 1519 2802 stare,
1540 2732 1881 2819 respondeo,

192 2827 503 2922 videndum
521 2826 630 2924 effe
645 2870 666 2910 2
682 2829 968 2920 numquid
983 2830 1390 2922 excipiatur-ae
1407 2827 1540 2891 sane
1559 2823 1633 2889 fic
1652 2825 1841 2889 statuo
1857 2865 1882 2916 2

1301 2922 1353 2989 A
1449 2940 1485 2983 2
1686 2938 1788 2981 eos
